% this is the bibliography file

@Misc{iso-odf,
  author = 	 {International Organization for Standardization},
  title = 	 {ISO/IEC 26300:2006 Open Document Format},
  howpublished = {\url{http://std.dkuug.dk/keld/iso26300-odf/is26300/iso_iec_26300:2006_e.pdf}},
  month = 	 {December},
  year = 	 {2006},
  annote = 	 {\url{http://www.iso.org/iso/iso_catalogue/catalogue_tc/catalogue_detail.htm?csnumber=43485}}
}

@Misc{gosu,
  author = 	 {Valentin Go»ôu},
  title = 	 {vmchecker - enhancement and scalability},
  year = 	 {2012},
}

@Misc{reek,
  author = 	 {K. Reek},
  title = 	 {A software infrastructure to support introductory computer science courses},
  year = 	 {1996},
}

@Misc{cheang,
  author = 	 {Brenda Cheang and Andy Kurnia and Andrew Lim and Wee-Chong Oon},
  title = 	 {On automated grading of programming assignments in an academic institution},
  year = 	 {2003},
}
